@String{AAAI-85 = "Proceedings of the Fifth National Conference on
                 Artificial Intelligence"}

@String{AAAI-86 = "Proceedings of the Sixth National Conference on
                 Artificial Intelligence"}

@String{AAAI-87 = "Proceedings of the Seventh National Conference on
                 Artificial Intelligence"}

@String{AAAI-88 = "Proceedings of the Eigth National Conference on
                 Artificial Intelligence"}

@String{AAAI-89 = "Proceedings of the Ninth National Conference on
                 Artificial Intelligence"}


@String{AAAI-90 = "Proceedings of the Tenth National Conference on
                 Artificial Intelligence"}

@String{AAAI-91 = "Proceedings of the 11th National Conference on
                 Artificial Intelligence"}

@String{AAAI-92 = "Proceedings of the 12th National Conference on
                 Artificial Intelligence"}

@String{AAAI-93 = "Proceedings of the 13th National Conference on
                 Artificial Intelligence"}

@String{AAAI-94 = "Proceedings of the 14th National Conference on
                 Artificial Intelligence"}

@String{AI06 = "Advances in Artificial Intelligence, Proceedings of the 19th Conference of the Canadian Society for Computational Studies of Intelligence"}

@String{acmtms = "ACM Transactions on Mathematical Software"}

@STRING{aistats01 = "Proceedings of the Eigth International Workshop on Artificial Intelligence and Statistics (AISTATS'01)"}

@STRING{aistats05 = "Proceedings of the Tenth International Workshop on Artificial Intelligence and Statistics (AISTATS'05)"}
@STRING{aistats05ed = "Robert G. Cowell and Zoubin Ghahramani"}

@STRING{aistats07 = "Proceedings of the Eleventh International Conference on Artificial Intelligence and Statistics (AISTATS'07)"}
@STRING{aistats07-small = "Proceedings of AISTATS-2007"}

@STRING{aistats09 = "Proceedings of The Twelfth International Conference on Artificial Intelligence and Statistics (AISTATS'09)"}
@STRING{aistats10 = "Proceedings of The Thirteenth International Conference on Artificial Intelligence and Statistics (AISTATS'10)"}
@STRING{aistats11 = "Proceedings of The Fourteenth International Conference on Artificial Intelligence and Statistics (AISTATS'11)"}

@String{ams = "Ann. Math. Stat."}

@String{annphys = "Annals of Physics"}

@String{ans = "American Nuclear Society, Illinois, USA"}

@String{applopt = "Applied Optics"}

@String{JSM02="Proceedings of 2002 Joint Statistical Meetings"}

@String{bbs =    "Behavioral and Brain Sciences"}

@String{behbio = "Behavioral Biology"}

@String{biocyb = "Biological Cybernetics"}

@String{bmbiol = "Bulletin of Mathematical Biology"}

@String{bmbiophys = "Bulletin of Mathematical Biophysics"}

@String{brain =  "Brain"}

@String{BYTE =   "BYTE"}

@String{cmss88 = "Proceedings of the 1988 Connectionist Models Summer
           School"}

@String{cogsci = "Cognitive Science"}

@String{colt94 = "Proceedings of the 7th International Conference on Computational Learning Theory (COLT'94)" }
@String{colt95 = "Proceedings of the 8th International Conference on Computational Learning Theory (COLT'95)" }
@String{colt98 = "Proceedings of the 11th International Conference on Computational Learning Theory (COLT'98)" }
@String{colt99 = "Proceedings of the 12th International Conference on Computational Learning Theory (COLT'99)" }
@String{colt03 = "Proceedings of the 16th International Conference on Computational Learning Theory (COLT'03)" }
@String{colt04 = "Proceedings of the 17th International Conference on Computational Learning Theory (COLT'04)" }

@String{computer = "Computer"}

@String{connsci = "Connection Science"}

@String{cpc =    "Computer Physics Communications"}

@String{cs =     "Complex Systems"}

@STRING{CSL = "Computers Speech and Language"}

@String{cspla =  "Computer Speech and Language"}

@String{cvgip =  "Computer Vision, Graphics, and Image Processing"}

@String{cvpr83 =  "Proceedings of the Computer Vision and Pattern Recognition Conference (CVPR'83)"}
@String{cvpr96 =  "Proceedings of the Computer Vision and Pattern Recognition Conference (CVPR'96)"}
@String{cvpr97 =  "Proceedings of the Computer Vision and Pattern Recognition Conference (CVPR'97)"}
@String{cvpr99 =  "Proceedings of the Computer Vision and Pattern Recognition Conference (CVPR'99)"}
@String{cvpr04 =  "Proceedings of the Computer Vision and Pattern Recognition Conference (CVPR'04)"}
@String{cvpr05 =  "Proceedings of the Computer Vision and Pattern Recognition Conference (CVPR'05)"}
@String{cvpr06 =  "Proceedings of the Computer Vision and Pattern Recognition Conference (CVPR'06)"}
@String{cvpr07 =  "Proceedings of the Computer Vision and Pattern Recognition Conference (CVPR'07)"}
@String{cvpr08 =  "Proceedings of the Computer Vision and Pattern Recognition Conference (CVPR'08)"}
@String{cvpr09 =  "Proceedings of the Computer Vision and Pattern Recognition Conference (CVPR'09)"}
@String{cvpr10 =  "Proceedings of the Computer Vision and Pattern Recognition Conference (CVPR'10)"}
@String{cvpr11 =  "Proceedings of the Computer Vision and Pattern Recognition Conference (CVPR'11)"}

@String{DIRO= "D\'epartement d'informatique et recherche op\'erationnelle, Universit\'e de Montr\'eal"}

@String{daed =   "D\ae dalus, Proceedings of the American Academy of
                 Arts and Sciences"}

@String{ECML97 = "Proceedings of the 9th European Conference on Machine Learning (ECML'97)"}

@String{ECML94 = "Proceedings of the 9th European Conference on Machine Learning (ECML'94)"}

@String{ECML02 = "Proceedings of the 9th European Conference on Machine Learning (ECML'02)"}

@String{EEGCN =  "EEG and Clinical Neurophysiology"}

@String{eul =    "Europhysics Letters"}

@string{euro97 = {Proc. Eurospeech '97}}

@string{euro97addr = {Rhodes, Greece}}

@string{euro97month = sep}

@String{febsl =  "FEBS Letters"}

@String{iapr =  "Proceedings of the Joint International Workshops on Advances in Pattern Recognition (IAPR)"}

@String{icassp =  "International Conference on Acoustics, Speech and Signal Processing (ICASSP)"}

@String{ICCV99 =  "Proceedings {IEEE} International Conference on Computer Vision (ICCV'99)"}

@String{ICCV05 =  "Proceedings {IEEE} International Conference on Computer Vision (ICCV'05)"}

@String{ICCV07 =  "Proceedings {IEEE} of the 11th International Conference on Computer Vision (ICCV'07)"}

@String{ICCV09 =  "Proceedings {IEEE} International Conference on Computer Vision (ICCV'09)"}

@String{ICDAR95 =  "3rd International Conference on Document Analysis and Recognition (ICDAR'95)"}

@String{ICDAR03 =  "International Conference on Document Analysis and Recognition (ICDAR'03)"}

@String{ICDAR07 =  "International Conference on Document Analysis and Recognition (ICDAR'07)"}

@String{ICIP07 = "2007 International Conference on Image Processing"}

@String{icnn =   "IEEE International Conference on Neural Networks"}

@STRING{icpr = "International Conference on Pattern Recognition"}
@STRING{ICPR94 = "International Conference on Pattern Recognition (ICPR'94)"}

@STRING{icslp = "International Conference on Speech and Language Processing"}

@String{ieeeac = "IEEE Transactions on Automatic Control"}

@String{ieeeassp = "IEEE ASSP Magazine"}

@String{ieeeit = "IEEE Transactions on Information Theory"}

@String{ieeesmc = "IEEE Transactions on Systems, Man, and Cybernetics"}

@String{ieeetrnn = "IEEE Transactions on Neural Networks"}

@String{ieeetrkde = "IEEE Transactions on Knowledge and Data
                 Engineering"}

@String{ieeetassp = "IEEE Transactions on Acoustics, Speech, and Signal
                 Processing"}

@String{ieeetc = "IEEE Transactions on Computers"}

@String{ieeetcas = "IEEE Transactions on Circuits and Systems"}

@String{ieeetcomm = "IEEE Transactions on Communications"}

@String{ieeetec = "IEEE Transactions on Electronic Computers"}

@String{ieeetpami = "IEEE Transactions on Pattern Analysis and Machine
                 Intelligence"}

@String{ieeeproc = "Proceedings of the IEEE"}

%@STRING{ijcnn = "IEEE joint conference on neural networks"}

@String{ijcnn =  "International Joint Conference on Neural Networks (IJCNN)"}

@String{ijns =   "International Journal of Neural Systems"}

@String{jama =   "Journal of Mathematical Analysis and Applications"}

@String{jasa =   "Journal of the Acoustical Society of America"}

@String{jcomp =  "Journal of Complexity"}

@String{jcp =    "Journal of Chemical Physics"}

@String{jmathb = "Journal of Mathematical Biology"}

@String{jmlr = "Journal of Machine Learning Research"}

@String{jmolecb = "Journal of Molecular Biology"}

@String{jmp =    "Journal of Mathematical Physics"}

@String{jmpsych = "Journal of Mathematical Psychology"}

@String{jneuro = "Journal of Neuroscience"}

@String{jprr = "Journal of Pattern Recognition Research"}

@String{jpa =    "Journal of Physics A"}

@String{jphysiol = "Journal of Physiology (London)"}

@String{jpp =    "Journal de Physique (Paris)"}

@String{jppl =   "Journal de Physique Lettres (Paris)"}

@String{jtb =    "Journal of Theoretical Biology"}

@String{kyb =    "Kybernetik"}

@String{mbio =   "Mathematical Biosciences"}

@String{mcss =   "Mathematics of Control, Signals, and Systems"}

@String{mlearn = "Machine Learning"}

@String{nature = "Nature"}

@String{network = "Network"}

@String{nc =     "Neural Computation"}

@String{nipc_hmit96 = "Proceedings of the 1996 American Nuclear Society, 
                      International Topical Meeting on Nuclear Plant 
                      Instrumentation, Control and Human-Machine Interface 
                      Technologies"}

@STRING{NIPS = "Advances in Neural Information Processing Systems (NIPS)"}
@String{nips87 = "Neural Information Processing Systems (NIPS)"}
@String{nips87ed = "D. Z. Anderson"}

@STRING{NIPS1ed = "D.S.~Touretzky"}
@STRING{NIPS1publ = "Morgan Kaufmann"}
@STRING{NIPS1   = "Advances in Neural Information Processing Systems 1 (NIPS'88)"}

@STRING{NIPS2ed = "D.S.~Touretzky"}
@STRING{NIPS2publ = "Morgan Kaufmann"}
@STRING{NIPS2   = "Advances in Neural Information Processing Systems 2 (NIPS'89)"}

@STRING{NIPS3ed = "R.P.~Lippman and J.M.~Moody and D.S.~Touretzky"}
@STRING{NIPS3publ = "Morgan Kaufmann"}
@STRING{NIPS3   = "Advances in Neural Information Processing Systems 3 (NIPS'90)"}

@STRING{NIPS4ed = "J.E. Moody S.J. Hanson and R.P. Lippmann"}
@STRING{NIPS4publ = "Morgan Kaufmann"}
@STRING{NIPS4   = "Advances in Neural Information Processing Systems 4 (NIPS'91)"}

@STRING{NIPS5ed = "C.L.~Giles and S.J.~Hanson and J.D.~Cowan"}
%editor = {Cowan, Jack  D.  and Tesauro, Gerald   and Alspector, Joshua  },
@STRING{NIPS5publ = "Morgan Kaufmann"}
@STRING{NIPS5   = "Advances in Neural Information Processing Systems 5 (NIPS'92)"}

@STRING{NIPS6ed = "D. Cowan and G. Tesauro and J. Alspector"},
@STRING{NIPS6publ = "MIT Press"}
@STRING{NIPS6   = "Advances in Neural Information Processing Systems 6 (NIPS'93)"}

@STRING{NIPS7ed = "G.~Tesauro and D.S.~Touretzky and T.K.~Leen"}
@STRING{NIPS7publ = "MIT Press"}
@STRING{NIPS7   = "Advances in Neural Information Processing Systems 7 (NIPS'94)"}

@STRING{NIPS8ed = "D.S.~Touretzky and M.C.~Mozer and M.E.~Hasselmo"}
@STRING{NIPS8publ = "MIT Press"}
@STRING{NIPS8   = "Advances in Neural Information Processing Systems 8 (NIPS'95)"}

@STRING{NIPS9ed = "M.C.~Mozer and M.I.~Jordan and T.~Petsche"}
@STRING{NIPS9publ = "MIT Press"}
@STRING{NIPS9   = "Advances in Neural Information Processing Systems 9 (NIPS'96)"}

@STRING{NIPS10ed = "M.I.~Jordan and M.J.~Kearns and S.A.~Solla"}
@STRING{NIPS10publ = "MIT Press"}
@STRING{NIPS10  = "Advances in Neural Information Processing Systems 10 (NIPS'97)"}

@STRING{NIPS11ed = "M.S.~Kearns and S.A.~Solla and D.A.~Cohn"}
@STRING{NIPS11publ = "MIT Press"}
@STRING{NIPS11  = "Advances in Neural Information Processing Systems 11 (NIPS'98)"}

@STRING{NIPS12ed = "S.A.~Solla and T.K.~Leen and K-R.~M{\"u}ller"}
@STRING{NIPS12publ = "MIT Press"}
@STRING{NIPS12  = "Advances in Neural Information Processing Systems 12 (NIPS'99)"}

@STRING{NIPS13ed = "T.K.~Leen and T.G.~Dietterich and V.~Tresp"}
@STRING{NIPS13publ = "MIT Press"}
@STRING{NIPS13  = "Advances in Neural Information Processing Systems 13 (NIPS'00)"}

@STRING{NIPS14ed = "T.G.~Dietterich and S.~Becker and Z.~Ghahramani"}
@STRING{NIPS14publ = "MIT Press"}
@STRING{NIPS14  = "Advances in Neural Information Processing Systems 14 (NIPS'01)"}

@STRING{NIPS15ed = "S.~Becker and S.~Thrun and K.~Obermayer"}
@STRING{NIPS15publ = "MIT Press"}
@STRING{NIPS15  = "Advances in Neural Information Processing Systems 15 (NIPS'02)"}

@STRING{NIPS16ed = "S.~Thrun and L.~Saul and B.~Sch{\"o}lkopf"}
@STRING{NIPS16publ = "MIT Press"}
@STRING{NIPS16  = "Advances in Neural Information Processing Systems 16 (NIPS'03)"}
@string{NIPS16addr = "Cambridge, MA"}

@STRING{NIPS17ed = "L.K.~Saul and Y.~Weiss and L.~Bottou"}
@STRING{NIPS17publ = ""}
@STRING{NIPS17  = "Advances in Neural Information Processing Systems 17 (NIPS'04)"}

@STRING{NIPS18 = "Advances in Neural Information Processing Systems 18 (NIPS'05)"}
@STRING{NIPS18ed = "Y. Weiss and B. Sch{\"o}lkopf and J. Platt"}
@STRING{NIPS18publ = "MIT Press"}

@STRING{NIPS19 = "Advances in Neural Information Processing Systems 19 (NIPS'06)"}
%%full name  editor =       "Bernhard SchÃ¶lkopf and John Platt and Thomas Hoffman",
@STRING{NIPS19ed = "B. Sch{\"o}lkopf and J. Platt and T. Hoffman"}
@STRING{NIPS19publ = "MIT Press"}

@STRING{NIPS20 = "Advances in Neural Information Processing Systems 20 (NIPS'07)"}
@STRING{NIPS20ed = "J.C. Platt and D. Koller and Y. Singer and S. Roweis"}
@STRING{NIPS20publ = "MIT Press"}

@STRING{NIPS21 = "Advances in Neural Information Processing Systems 21 (NIPS'08)"}
@STRING{NIPS21ed = "Daphne Koller and Dale Schuurmans and Yoshua Bengio and Leon Bottou"}
@STRING{NIPS21publ = ""}

@STRING{NIPS22 = "Advances in Neural Information Processing Systems 22 (NIPS'09)"}
@STRING{NIPS22ed = "Yoshua Bengio and Dale Schuurmans and Christopher Williams and John Lafferty and Aron Culotta"}
@STRING{NIPS22publ = ""}
@STRING{NIPS23ed = "J. Lafferty and C. K. I. Williams and J. Shawe-Taylor and R.S. Zemel and A. Culotta"}
@STRING{NIPS23 = "Advances in Neural Information Processing Systems 23 (NIPS'10)"}
@STRING{NIPS23publ = ""}
@STRING{NIPS24 = "Advances in Neural Information Processing Systems 24 (NIPS'11)"}

@String{ijprai =   "International Journal of Pattern Recognition and Artificial Intelligence"}

@String{ICML96 = "Proceedings of the Thirteenth International Conference on Machine Learning (ICML'96)"}
@String{ICML96ed = {L. Saitta}}
@String{ICML96publ = "Morgan Kaufmann"}

@String{ICML97 = "Proceedings of the Fourteenth International Conference on Machine Learning (ICML'97)"}
@String{ICML97ed = {Douglas H. Fisher}}
@String{ICML97publ = "Morgan Kaufmann"}

@String{ICML98 = "Proceedings of the Fifteenth International Conference on Machine Learning (ICML'98)"}
@String{ICML98ed = {Jude W. Shavlik}}
@String{ICML98publ = "Morgan Kaufmann"}

@String{ICML99 = "Proceedings of the Sixteenth International Conference on Machine Learning (ICML'99)"}
@String{ICML99ed = {Ivan Bratko and Saso Dzeroski}}
@String{ICML99publ = "Morgan Kaufmann"}

@String{ICML01 = "Proceedings of the Eighteenth International Conference on Machine Learning (ICML'01)"}
@String{ICML01ed = {Carla E. Brodley and Andrea Pohoreckyj Danyluk}}
@String{ICML01publ = "Morgan Kaufmann"}

@String{ICML02 = "Proceedings of the Nineteenth International Conference on Machine Learning (ICML'02)"}
@String{ICML02ed = {Claude Sammut and Achim G. Hoffmann}}
@String{ICML02publ = "Morgan Kaufmann"}

@String{ICML03 = "Proceedings of the Twenty International Conference on Machine Learning (ICML'03)"}
@String{ICML03ed = {Tom Fawcett and Nina Mishra}}
@String{ICML03publ = "AAAI Press"}

@String{ICML04 = "Proceedings of the Twenty-first International Conference on Machine Learning (ICML'04)"}
@String{ICML04ed = {Carla E. Brodley}}
@String{ICML04publ = "ACM"}

@String{ICML05 = "Proceedings of the Twenty-second International Conference on Machine Learning (ICML'05)"}
@String{ICML05ed = {Luc De Raedt and Stefan Wrobel}}
@String{ICML05publ = "ACM"}

@String{ICML06 = "Proceedings of the Twenty-three International Conference on Machine Learning (ICML'06)"}
@String{ICML06ed = {William W. Cohen and Andrew Moore}}
@String{ICML06publ = "ACM"}

@String{ICML07 = "Proceedings of the Twenty-fourth International Conference on Machine Learning (ICML'07)"}
@String{ICML07ed = {Zoubin Ghahramani}}
@String{ICML07publ = "ACM"}

@String{ICML08 = "Proceedings of the Twenty-fifth International Conference on Machine Learning ({ICML}'08)"}
@String{ICML08ed = "William W. Cohen and Andrew McCallum and Sam T. Roweis"}
@String{ICML08publ = "ACM"}

@String{ICML09 = "Proceedings of the Twenty-sixth International Conference on Machine Learning (ICML'09)"}
@String{ICML09ed = {L\'{e}on Bottou and Michael Littman}}
@String{ICML09publ = "ACM"}
@string{icml09loc = {Montreal, Quebec, Canada}}


@String{ICML10 = "Proceedings of the Twenty-seventh International Conference on Machine Learning (ICML-10)"}
@String{ICML10ed = {L\'{e}on Bottou and Michael Littman}}
@String{ICML10publ = "ACM"}
@string{icml10loc = {Haifa, Israel}}


@String{nipc-hmit96 = "The 1996 American Nuclear Society International Topical Meeting on Nuclear Plant Instrumentation, Control and Human Machine Interface Technologies"}

@String{nn =     "Neural Networks"}

@String{nnsupp = "Neural Networks Supplement"}

@String{opteng = "Optical Engineering"}

@String{optlett = "Optics Letters"}

@String{opres =  "Operations Research"}

@String{pdp =    "Parallel Distributed Processing"}

@String{percep = "Perception (London)"}

@String{physicaA = "Physica A"}

@String{physicaD = "Physica D"}

@String{plettA = "Physics Letters A"}

@String{PNAS =   "Proceedings of the National Academy of Sciences, USA"}

@String{prA =    "Physical Review A"}

@String{prB =    "Physical Review B"}

@String{prel =   "Pattern Recognition Letters"}

@String{prl =    "Physical Review Letters"}

@String{PRSLB =  "Proceedings of the Royal Society of London B"}

@String{pscrip = "Physica Scripta"}

@String{psyrev = "Psychological Review"}

@String{PTRSL = "Philosophical Transactions of the Royal Society of London B"}

@String{qrb =    "Quarterly Reviews of Biophysics"}

@String{rmp =    "Reviews of Modern Physics"}

@String{SAML =   "Skrifter for Anvendt Matematik og Lingvistik"}

@String{sciam =  "Scientific American"}

@String{science = "Science"}

@String{SIGLEX97 = {Proceedings of the ACL SIGLEX Workshop on Tagging Text with Lexical Semantics: Why, What, and How?}}

@String{snowbird = "Neural Networks for Computing"}

@String{spcomm = "Speech Communication"}
@String{SVM02 = "Pattern Recognition with Support Vector Machines"}
@String{tprobapp = "Theory of Probability and Its Applications"}

@String{UAI98 = {Proceedings of the Fourteenth Conference in Uncertainty in Artificial Intelligence (UAI'98)} }
@String{UAI00 = {Proceedings of the Sixteenth Conference in Uncertainty in Artificial Intelligence (UAI'00)} }
@String{UAI03 = {Proceedings of the Nineteenth Conference in Uncertainty in Artificial Intelligence (UAI'03)} }
@String{UAI05 = {Proceedings of the Twenty-first Conference in Uncertainty in Artificial Intelligence (UAI'05)} }
@String{UAI07 = {Proceedings of the Twenty-third Conference in Uncertainty in Artificial Intelligence (UAI'07)} }
@String{UAI09 = {Proceedings of the Twenty-fifth Conference in Uncertainty in Artificial Intelligence (UAI'09)} }
@String{UAI11 = {Proceedings of the Twenty-seventh Conference in Uncertainty in Artificial Intelligence (UAI)}}

@String{zpb =    "Zeitschrift fur Physik B"}

@string{PhysioNetAuthors = {Goldberger, A. L. and Amaral, L. A. N. and Glass, L. and
	   Hausdorff, J. M. and Ivanov, P. Ch. and Mark, R. G. and
	   Mietus, J. E. and Moody, G. B. and Peng, C.-K. and Stanley, H. E.}}
@string{PhysioNetNote = "Circulation Electronic Pages:
         http://circ.ahajournals.org/cgi/content/full/101/23/e215"}
@string{PhysioNetYear = "2000 (June 13)"}

@string{IEEE_trans_biomed = "{IEEE} Transactions on Bio-medical Engineering"}
@string{IJCAS = "International Journal of Control, Automation, and Systems"}
@string{DSP = "Digital Signal Processing"}
@string{IEEE_trans_SP = "{IEEE} Transactions on Signal Processing"}
@string{BME = "Biomedical Engineering: Applications, Basis \& Communications"}
@string{SSDBM2009 = "{SSDBM} 2009: Proceedings of the 21st International Conference on Scientific and Statistical Database Management"}
@string{PRL = "Pattern Recognition Letters"}
@string{FTML = "Foundations and Trends in Machine Learning"}
@string{Bengio2009FTML_note = "Also published as a book. Now Publishers, 2009."}
@string{JEC = "Journal of Electrocardiology"}
@string{DMKD = "Data Mining and Knowledge Discovery"}
@string{IEEE_trans_NN = "IEEE Transactions on Neural Networks"}
@string{eng_med_bio = "Engineering in Medicine and Biology Magazine, IEEE"}
@string{ICTAI06 = "IEEE International Conference on Tools with Artificial Intelligence"}
